@Book{Cardenas1973,
  author = {C{\'a}rdenas, Humberto},
  title  = {{\'A}lgebra superior},
  year   = {1973},
}

@Comment{jabref-meta: databaseType:bibtex;}
